<record><leader>00000cas a22000007a 4500</leader><controlfield tag="001">13656354</controlfield><controlfield tag="008">860529d19411943nvudn ne      0    0eng d</controlfield><datafield ind1=" " ind2=" " tag="010"><subfield code="a">sn 86076169 </subfield></datafield><datafield ind1=" " ind2=" " tag="040"><subfield code="a">NNX</subfield><subfield code="b">eng</subfield><subfield code="c">NNX</subfield><subfield code="d">OCLCQ</subfield></datafield><datafield ind1=" " ind2=" " tag="042"><subfield code="a">msc</subfield></datafield><datafield ind1="0" ind2=" " tag="130"><subfield code="a">Las Vegas evening review-journal and Boulder City journal (Las Vegas, Nev. : 1941)</subfield></datafield><datafield ind1="1" ind2="0" tag="245"><subfield code="a">Las Vegas evening review-journal and Boulder City journal.</subfield></datafield><datafield ind1=" " ind2=" " tag="260"><subfield code="a">Las Vegas, Nev. :</subfield><subfield code="b">F.F. Garside,</subfield><subfield code="c">1941-1943.</subfield></datafield><datafield ind1=" " ind2=" " tag="300"><subfield code="a">3 v. :</subfield><subfield code="b">ill.</subfield></datafield><datafield ind1=" " ind2=" " tag="310"><subfield code="a">Daily (except Sun.)</subfield></datafield><datafield ind1="0" ind2=" " tag="362"><subfield code="a">Vol. 33, no. 299 (Dec. 12, 1941)-v. 35, no. 288 (Dec. 1, 1943).</subfield></datafield><datafield ind1=" " ind2=" " tag="500"><subfield code="a">". . . Official newspaper of Boulder City."</subfield></datafield><datafield ind1=" " ind2=" " tag="515"><subfield code="a">Numbering for Boulder City Journal resumes with Vol. 10, no. 98 (Apr. 28, 1942).</subfield></datafield><datafield ind1=" " ind2=" " tag="752"><subfield code="a">United States</subfield><subfield code="b">Nevada</subfield><subfield code="c">Clark</subfield><subfield code="d">Las Vegas.</subfield></datafield><datafield ind1=" " ind2=" " tag="752"><subfield code="a">United States</subfield><subfield code="b">Nevada</subfield><subfield code="c">Clark</subfield><subfield code="d">Boulder City.</subfield></datafield><datafield ind1="0" ind2="0" tag="780"><subfield code="t">Las Vegas evening review-journal (Las Vegas, Nev. : 1931)</subfield><subfield code="w">(DLC)sn 86076168</subfield><subfield code="w">(OCoLC)13656328</subfield></datafield><datafield ind1="0" ind2="0" tag="785"><subfield code="t">Las Vegas evening review-journal (Las Vegas, Nev. : 1943)</subfield><subfield code="w">(DLC)sn 86076170</subfield></datafield></record>